@article{Davis:1962,
 author = {Davis, Martin and Logemann, George and Loveland, Donald},
 title = {A Machine Program for Theorem-proving},
 journal = {Commun. ACM},
 issue_date = {July 1962},
 volume = {5},
 number = {7},
 month = jul,
 year = {1962},
 issn = {0001-0782},
 pages = {394--397},
 numpages = {4},
 url = {http://doi.acm.org/10.1145/368273.368557},
 doi = {10.1145/368273.368557},
 acmid = {368557},
 publisher = {ACM},
 address = {New York, NY, USA},
}

@incollection{Een:2003,
  year={2004},
  isbn={978-3-540-20851-8},
  booktitle={Theory and Applications of Satisfiability Testing},
  volume={2919},
  series={Lecture Notes in Computer Science},
  title={An Extensible SAT-solver},
  publisher={Springer Berlin Heidelberg},
  author={E{\'e}n, Niklas and S{\"o}rensson, Niklas},
  pages={502-518},
}

@article{Cook:1976,
 author = {Cook, Stephen A.},
 title = {A Short Proof of the Pigeon Hole Principle Using Extended Resolution},
 journal = {SIGACT News},
 issue_date = {October-December 1976},
 volume = {8},
 number = {4},
 month = oct,
 year = {1976},
 issn = {0163-5700},
 pages = {28--32},
 numpages = {5},
 url = {http://doi.acm.org/10.1145/1008335.1008338},
 doi = {10.1145/1008335.1008338},
 acmid = {1008338},
 publisher = {ACM},
 address = {New York, NY, USA},
}

@incollection{Tseitin:1983,
  AUTHOR = {G. S. Tseitin},
  TITLE = {On the Complexity of Derivation in Propositional Calculus},
  YEAR = 1983,
  BOOKTITLE = {Automation of Reasoning 2: Classical Papers on Computational Logic 1967-1970},
  PUBLISHER = {Springer},
  ADDRESS = {Berlin, Heidelberg},
  PAGES = {466-483},
}

@InProceedings{Audemard:2010,
 author = {Gilles Audemard and George Katsirelos and Laurent Simon},
 title = {A Restriction of Extended Resolution for Clause Learning {SAT} Solvers},
    booktitle = {Proceedings of the Twenty-Fourth AAAI Conference on Artificial Intelligence},
    year = 2010,
    pages = {15-20},
}

@InProceedings{Yan:2015,
	author = {Yaowei Yan and Chris Gutierrez and Jeriah Jn-Charles and Forrest Bao and Yuanlin Zhang},
	title = {Accelerating {SAT} Solving by Common Subclause Elimination},
	booktitle = {Proceedings of the Twenty-Ninth AAAI Conference on Artificial Intelligence},
	year = {2015},
  pages = {4224-4225},
}

@book{Goldberg:1989,
 author = {Goldberg, David E.},
 title = {Genetic Algorithms in Search, Optimization and Machine Learning},
 year = {1989},
 isbn = {0201157675},
 edition = {1st},
 publisher = {Addison-Wesley Longman Publishing Co., Inc.},
 address = {Boston, MA, USA},
}

@article{Taher:2013,
  title={An efficient algorithm for function optimization: modified stem cells algorithm},
  author={Taherdangkoo, Mohammad and Paziresh, Mahsa and Yazdi, Mehran and Bagheri, Mohammad},
  journal={Open Engineering},
  volume={3},
  number={1},
  pages={36--50},
  year={2013}
}

@inproceedings{Esquivel:1997,
  title={Multiple crossover per couple in genetic algorithms},
  author={Esquivel, SC and Leiva, A and Gallard, RH},
  booktitle={Evolutionary Computation, 1997., IEEE International Conference on},
  pages={103--106},
  year={1997},
  organization={IEEE}
}

@incollection{Thierens:1994,
  title={Convergence models of genetic algorithm selection schemes},
  author={Thierens, Dirk and Goldberg, David},
  booktitle={Parallel problem solving from nature--PPSN III},
  pages={119--129},
  year={1994},
  publisher={Springer}
}

@inproceedings{Whitley:1989,
  title={The {GENITOR} Algorithm and Selection Pressure: Why Rank-Based Allocation of Reproductive Trials is Best.},
  author={Whitley, L Darrell and others},
  booktitle={ICGA},
  volume={89},
  pages={116--123},
  year={1989}
}

@article{Grefenstette:1986,
  title={Optimization of control parameters for genetic algorithms},
  author={Grefenstette, John J},
  journal={Systems, Man and Cybernetics, IEEE Transactions on},
  volume={16},
  number={1},
  pages={122--128},
  year={1986},
  publisher={IEEE}
}

@inproceedings{Agrawal:1994,
  title={Fast algorithms for mining association rules},
  author={Agrawal, Rakesh and Srikant, Ramakrishnan and others},
  booktitle={Proc. 20th int. conf. very large data bases, VLDB},
  volume={1215},
  pages={487--499},
  year={1994}
}

@inproceedings{Borgelt:2003,
  title={Efficient implementations of apriori and eclat},
  author={Borgelt, Christian},
  booktitle={FIMI'03: Proceedings of the IEEE ICDM workshop on frequent itemset mining implementations},
  year={2003}
}

@misc{Nicely:2008,
  title={Pentium {FDIV} flaw},
  author={Nicely, TR},
  year={2008}
}

@article{Dsilva:2008,
  title={A survey of automated techniques for formal software verification},
  author={D'silva, Vijay and Kroening, Daniel and Weissenbacher, Georg},
  journal={Computer-Aided Design of Integrated Circuits and Systems, IEEE Transactions on},
  volume={27},
  number={7},
  pages={1165--1178},
  year={2008},
  publisher={IEEE}
}

@inproceedings{Biere:1999,
  title={Symbolic model checking using {SAT} procedures instead of {BDD}s},
  author={Biere, Armin and Cimatti, Alessandro and Clarke, Edmund M and Fujita, Masahiro and Zhu, Yunshan},
  booktitle={Proceedings of the 36th annual ACM/IEEE Design Automation Conference},
  pages={317--320},
  year={1999},
  organization={ACM}
}

@inproceedings{Kroening:2003,
  title={Efficient computation of recurrence diameters},
  author={Kroening, Daniel and Strichman, Ofer},
  booktitle={Verification, Model Checking, and Abstract Interpretation},
  pages={298--309},
  year={2003},
  organization={Springer}
}

@article{Plaisted:1986,
 author = {Plaisted, David A. and Greenbaum, Steven},
 title = {A Structure-preserving Clause Form Translation},
 journal = {J. Symb. Comput.},
 issue_date = {Sept. 1986},
 volume = {2},
 number = {3},
 month = sep,
 year = {1986},
 issn = {0747-7171},
 pages = {293--304},
 numpages = {12},
 url = {http://dx.doi.org/10.1016/S0747-7171(86)80028-1},
 doi = {10.1016/S0747-7171(86)80028-1},
 acmid = {7244},
 publisher = {Academic Press, Inc.},
 address = {Duluth, MN, USA},
}

@article{Haken:1985,
  title={The intractability of resolution},
  author={Haken, Armin},
  journal={Theoretical Computer Science},
  volume={39},
  pages={297--308},
  year={1985},
  publisher={Elsevier}
}

@book{Rossi:2006,
  title={Handbook of constraint programming},
  author={Rossi, Francesca and Van Beek, Peter and Walsh, Toby},
  year={2006},
  publisher={Elsevier}
}

@article{Shannon:1948,
  title={A mathematical theory of communication},
  author={Shannon, Claude Elwood},
  journal={Bell System Technical Journal},
  volume={27},
  number={3},
  pages={379--423},
  year={1948}
}

@incollection{Biere:2014,
  title={Detecting cardinality constraints in CNF},
  author={Biere, Armin and Le Berre, Daniel and Lonca, Emmanuel and Manthey, Norbert},
  booktitle={Theory and Applications of Satisfiability Testing--SAT 2014},
  pages={285--301},
  year={2014},
  publisher={Springer}
}
